@article {Coglio2003,
  author = {Coglio, Alessandro},
  title = {Improving the official specification of Java bytecode verification},
  journal = {Concurrency and Computation: Practice and Experience},
  volume = {15},
  number = {2},
  publisher = {John Wiley & Sons, Ltd.},
  issn = {1532-0634},
  url = {http://dx.doi.org/10.1002/cpe.714},
  doi = {10.1002/cpe.714},
  %url = {http://www.kestrel.edu/home/projects/java/#10},
  pages = {155--179},
  keywords = {Java, bytecode verification, specification},
  year = {2003},
}
@article{Coglio2000,
  author = {Qian, Zhenyu and Goldberg, Allen and Coglio, Alessandro},
  title = {A formal specification of Java class loading},
  journal = {SIGPLAN Not.},
  issue_date = {Oct. 2000},
  volume = {35},
  number = {10},
  month = oct,
  year = {2000},
  issn = {0362-1340},
  pages = {325--336},
  numpages = {12},
  url = {http://doi.acm.org/10.1145/354222.353193},
  doi = {10.1145/354222.353193},
  %url = {http://www.kestrel.edu/home/projects/java/#5},
  acmid = {353193},
  publisher = {ACM},
  address = {New York, NY, USA},
}
