@misc{JSR202,
   author       = {Sun Microsystems Inc.},
   publisher    = {Sun Microsystems Inc.},
   title        = {{JSR} 202: {Java} Class File Specification Update},
   month        = {December~11,},
   year         = {2006},
   howpublished = {\url{http://jcp.org/en/jsr/detail?id=202}}
}